
@book{orfanidis_introduction_1996,
	address = {Englewood Cliffs, N.J.},
	title = {Introduction to signal processing},
	isbn = {978-0-13-230293-7},
	language = {eng},
	publisher = {Prentice Hall},
	author = {Orfanidis, Sophocles J.},
	year = {1996},
	note = {OCLC: 951325821},
}

@book{williams_electronic_2006,
	address = {New York ; London},
	edition = {4th ed},
	title = {Electronic filter design handbook},
	isbn = {978-0-07-147171-8},
	publisher = {McGraw-Hill},
	author = {Williams, Arthur Bernard and Taylor, Fred J.},
	year = {2006},
	note = {OCLC: ocm70059511},
	keywords = {Design and construction, Electric filters},
}

@misc{noauthor_fir_nodate,
	title = {{FIR} {Equiripple} {Algorithm}},
	url = {https://www.weisang.com/en/documentation/firfilterremezalgorithm_en/},
	abstract = {The disadvantage to designing FIR filters using the window method is that the approximation error cannot be influenced in different frequency ranges. It is therefore often better when designing filters to implement the minimax strategy (minimize the maximum error) or an error criterion with weighting of the frequency. This results â€¦ Continued},
	language = {en-US},
	urldate = {2024-05-18},
	journal = {weisang.com},
	file = {Snapshot:/Users/nathanhoffman/Zotero/storage/HWPNAU9Q/firfilterremezalgorithm_en.html:text/html},
}
